<?xml version="1.0" encoding="UTF-8"?>
<!DOCTYPE html PUBLIC "-//W3C//DTD XHTML 1.0 Transitional//EN"
    "http://www.w3.org/TR/xhtml1/DTD/xhtml1-transitional.dtd">
<html xmlns="http://www.w3.org/1999/xhtml" xml:lang="en" lang="en">
 <head>
  <title>
</title>
<meta http-equiv="Content-Type" content="text/html;charset=utf-8" />
  <meta name='ocr-system' content='tesseract 3.04.00' />
  <meta name='ocr-capabilities' content='ocr_page ocr_carea ocr_par ocr_line ocrx_word'/>
</head>
<body>
  <div class='ocr_page' id='page_1' title='image "./phdriavianialio00phaegoog_0087.png"; bbox 0 0 1875 2934; ppageno 0'>
   <div class='ocr_carea' id='block_1_1' title="bbox 367 114 824 171">
    <p class='ocr_par' dir='ltr' id='par_1_1' title="bbox 367 114 824 171">
     <span class='ocr_line' id='line_1_1' title="bbox 367 114 824 171; baseline -0.004 -6"><span class='ocrx_word' id='word_1_1' title='bbox 367 115 533 165; x_wconf 70' lang='lat' dir='ltr'><strong>AVIANUS·</strong></span> <span class='ocrx_word' id='word_1_2' title='bbox 550 116 592 171; x_wconf 70' lang='lat'><strong>27.</strong></span> <span class='ocrx_word' id='word_1_3' title='bbox 787 114 824 171; x_wconf 78' lang='lat'><strong>79</strong></span> 
     </span>
    </p>
   </div>
   <div class='ocr_carea' id='block_1_2' title="bbox 138 243 821 633">
    <p class='ocr_par' dir='ltr' id='par_1_2' title="bbox 138 243 821 633">
     <span class='ocr_line' id='line_1_2' title="bbox 138 243 683 309; baseline 0.002 -17"><span class='ocrx_word' id='word_1_4' title='bbox 138 243 207 292; x_wconf 80' lang='lat' dir='ltr'><strong>vere</strong></span> <span class='ocrx_word' id='word_1_5' title='bbox 216 244 270 293; x_wconf 85' lang='lat' dir='ltr'><strong>licet</strong></span> <span class='ocrx_word' id='word_1_6' title='bbox 279 258 383 301; x_wconf 81' lang='lat' dir='ltr'><strong>moneas,</strong></span> <span class='ocrx_word' id='word_1_7' title='bbox 394 248 483 308; x_wconf 75' lang='lat' dir='ltr'><strong>msJora</strong></span> <span class='ocrx_word' id='word_1_8' title='bbox 492 244 596 309; x_wconf 78' lang='lat' dir='ltr'><strong>pericula</strong></span> <span class='ocrx_word' id='word_1_9' title='bbox 605 244 683 304; x_wconf 74' lang='lat' dir='ltr'><strong>milne,</strong></span> 
     </span>
     <span class='ocr_line' id='line_1_3' title="bbox 177 307 821 359; baseline -0.002 -4"><span class='ocrx_word' id='word_1_10' title='bbox 177 308 218 355; x_wconf 79' lang='lat' dir='ltr'><strong>Tu</strong></span> <span class='ocrx_word' id='word_1_11' title='bbox 228 320 306 357; x_wconf 87' lang='lat' dir='ltr'><strong>tamen</strong></span> <span class='ocrx_word' id='word_1_12' title='bbox 317 309 354 357; x_wconf 90' lang='lat' dir='ltr'><strong>his</strong></span> <span class='ocrx_word' id='word_1_13' title='bbox 365 310 430 359; x_wconf 87' lang='lat' dir='ltr'><strong>dictis</strong></span> <span class='ocrx_word' id='word_1_14' title='bbox 440 325 488 357; x_wconf 94' lang='lat' dir='ltr'><strong>non</strong></span> <span class='ocrx_word' id='word_1_15' title='bbox 498 310 554 357; x_wconf 82' lang='lat' dir='ltr'><strong>facis</strong></span> <span class='ocrx_word' id='word_1_16' title='bbox 564 325 613 357; x_wconf 85' lang='lat' dir='ltr'><strong>esse</strong></span> <span class='ocrx_word' id='word_1_17' title='bbox 622 309 701 358; x_wconf 66' lang='lat' dir='ltr'><strong>fidu.</strong></span> <span class='ocrx_word' id='word_1_18' title='bbox 790 307 821 355; x_wconf 90' lang='lat' dir='ltr'><strong>lo</strong></span> 
     </span>
     <span class='ocr_line' id='line_1_4' title="bbox 142 374 727 437; baseline 0.002 -16"><span class='ocrx_word' id='word_1_19' title='bbox 142 374 218 432; x_wconf 75' lang='lat' dir='ltr'><strong>Nem,</strong></span> <span class='ocrx_word' id='word_1_20' title='bbox 230 375 337 437; x_wconf 84' lang='lat' dir='ltr'><strong>quumvis</strong></span> <span class='ocrx_word' id='word_1_21' title='bbox 347 376 412 423; x_wconf 87' lang='lat' dir='ltr'><strong>rectis</strong></span> <span class='ocrx_word' id='word_1_22' title='bbox 423 383 512 423; x_wconf 86' lang='lat' dir='ltr'><strong>constet</strong></span> <span class='ocrx_word' id='word_1_23' title='bbox 521 374 633 421; x_wconf 82' lang='lat' dir='ltr'><strong>sententis</strong></span> <span class='ocrx_word' id='word_1_24' title='bbox 643 374 727 433; x_wconf 84' lang='lat' dir='ltr'><strong>verbis,</strong></span> 
     </span>
     <span class='ocr_line' id='line_1_5' title="bbox 177 439 734 503; baseline 0.004 -17"><span class='ocrx_word' id='word_1_25' title='bbox 177 439 313 503; x_wconf 79' lang='lat' dir='ltr'><strong>Suspectam</strong></span> <span class='ocrx_word' id='word_1_26' title='bbox 324 440 384 487; x_wconf 89' lang='lat' dir='ltr'><strong>hanc</strong></span> <span class='ocrx_word' id='word_1_27' title='bbox 394 440 488 489; x_wconf 72' lang='lat' dir='ltr'><strong>rabidus</strong></span> <span class='ocrx_word' id='word_1_28' title='bbox 498 439 628 487; x_wconf 78' lang='lat' dir='ltr'><strong>consiliator</strong></span> <span class='ocrx_word' id='word_1_29' title='bbox 637 439 734 488; x_wconf 84' lang='lat' dir='ltr'><strong>habet.&#39;’</strong></span> 
     </span>
     <span class='ocr_line' id='line_1_6' title="bbox 143 502 698 579; baseline 0.002 -29"><span class='ocrx_word' id='word_1_30' title='bbox 143 502 185 550; x_wconf 87' lang='lat' dir='ltr'><strong>Nc</strong></span> <span class='ocrx_word' id='word_1_31' title='bbox 195 504 261 551; x_wconf 83' lang='lat' dir='ltr'><strong>citius</strong></span> <span class='ocrx_word' id='word_1_32' title='bbox 272 504 363 552; x_wconf 80' lang='lat' dir='ltr'><strong>bluudis</strong></span> <span class='ocrx_word' id='word_1_33' title='bbox 373 507 511 579; x_wconf 78' lang='lat' dir='ltr'><strong>cujusquam</strong></span> <span class='ocrx_word' id='word_1_34' title='bbox 522 504 607 551; x_wconf 86' lang='lat' dir='ltr'><strong>credito</strong></span> <span class='ocrx_word' id='word_1_35' title='bbox 617 503 698 561; x_wconf 77' lang='lat' dir='ltr'><strong>dictis3</strong></span> 
     </span>
     <span class='ocr_line' id='line_1_7' title="bbox 178 568 677 633; baseline 0 -16"><span class='ocrx_word' id='word_1_36' title='bbox 178 568 234 628; x_wconf 81' lang='lat' dir='ltr'><strong>Sed,</strong></span> <span class='ocrx_word' id='word_1_37' title='bbox 245 568 266 617; x_wconf 91' lang='lat' dir='ltr'><strong>si</strong></span> <span class='ocrx_word' id='word_1_38' title='bbox 277 568 324 617; x_wconf 81' lang='lat' dir='ltr'><strong>siut</strong></span> <span class='ocrx_word' id='word_1_39' title='bbox 333 568 383 630; x_wconf 85' lang='lat' dir='ltr'><strong>fidi,</strong></span> <span class='ocrx_word' id='word_1_40' title='bbox 394 584 481 633; x_wconf 83' lang='lat' dir='ltr'><strong>resptce</strong></span> <span class='ocrx_word' id='word_1_41' title='bbox 491 568 549 632; x_wconf 88' lang='lat' dir='ltr'><strong>quid</strong></span> <span class='ocrx_word' id='word_1_42' title='bbox 559 577 677 617; x_wconf 70' lang='lat' dir='ltr'><strong>moneant.</strong></span> 
     </span>
    </p>
   </div>
   <div class='ocr_carea' id='block_1_3' title="bbox 348 697 622 747">
    <p class='ocr_par' dir='ltr' id='par_1_3' title="bbox 348 697 622 747">
     <span class='ocr_line' id='line_1_8' title="bbox 348 697 622 747; baseline -0.004 -2"><span class='ocrx_word' id='word_1_43' title='bbox 348 697 492 747; x_wconf 79' lang='lat' dir='ltr'><strong>FABUIaA</strong></span> <span class='ocrx_word' id='word_1_44' title='bbox 509 697 622 745; x_wconf 86' lang='lat' dir='ltr'>XXVII.</span> 
     </span>
    </p>
   </div>
   <div class='ocr_carea' id='block_1_4' title="bbox 375 830 596 877">
    <p class='ocr_par' dir='ltr' id='par_1_4' title="bbox 375 830 596 877">
     <span class='ocr_line' id='line_1_9' title="bbox 375 830 596 877; baseline -0.009 0"><span class='ocrx_word' id='word_1_45' title='bbox 375 830 469 877; x_wconf 76' lang='lat' dir='ltr'><strong>Cernis·</strong></span> <span class='ocrx_word' id='word_1_46' title='bbox 480 834 505 875; x_wconf 79' lang='lat' dir='ltr'><strong>et</strong></span> <span class='ocrx_word' id='word_1_47' title='bbox 519 830 596 876; x_wconf 79' lang='lat' dir='ltr'><strong>Urere.</strong></span> 
     </span>
    </p>
   </div>
   <div class='ocr_carea' id='block_1_5' title="bbox 148 954 825 1602">
    <p class='ocr_par' dir='ltr' id='par_1_5' title="bbox 148 954 825 1602">
     <span class='ocr_line' id='line_1_10' title="bbox 148 954 707 1022; baseline 0.004 -19"><span class='ocrx_word' id='word_1_48' title='bbox 148 954 273 1019; x_wconf 75' lang='lat' dir='ltr'><strong>Ingentem</strong></span> <span class='ocrx_word' id='word_1_49' title='bbox 284 956 362 1005; x_wconf 77' lang='lat' dir='ltr'><strong>citime</strong></span> <span class='ocrx_word' id='word_1_50' title='bbox 373 958 461 1006; x_wconf 85' lang='lat' dir='ltr'><strong>Comix</strong></span> <span class='ocrx_word' id='word_1_51' title='bbox 470 957 606 1022; x_wconf 70' lang='lat' dir='ltr'><strong>adspexerat</strong></span> <span class='ocrx_word' id='word_1_52' title='bbox 615 971 707 1018; x_wconf 74' lang='lat' dir='ltr'><strong>mem,</strong></span> 
     </span>
     <span class='ocr_line' id='line_1_11' title="bbox 181 1020 721 1086; baseline 0.004 -19"><span class='ocrx_word' id='word_1_53' title='bbox 181 1020 245 1079; x_wconf 71' lang='lat' dir='ltr'><strong>Qun</strong></span> <span class='ocrx_word' id='word_1_54' title='bbox 253 1021 376 1069; x_wconf 77' lang='lat' dir='ltr'><strong>minimam</strong></span> <span class='ocrx_word' id='word_1_55' title='bbox 386 1023 460 1070; x_wconf 84' lang='lat' dir='ltr'><strong>fundo</strong></span> <span class='ocrx_word' id='word_1_56' title='bbox 471 1023 619 1071; x_wconf 87' lang='lat' dir='ltr'><strong>continuisset</strong></span> <span class='ocrx_word' id='word_1_57' title='bbox 628 1038 721 1086; x_wconf 76' lang='lat' dir='ltr'><strong>aquom.</strong></span> 
     </span>
     <span class='ocr_line' id='line_1_12' title="bbox 148 1082 663 1150; baseline 0.006 -18"><span class='ocrx_word' id='word_1_58' title='bbox 148 1082 219 1133; x_wconf 80' lang='lat' dir='ltr'><strong>Hune</strong></span> <span class='ocrx_word' id='word_1_59' title='bbox 229 1086 293 1133; x_wconf 86' lang='lat' dir='ltr'><strong>enisa</strong></span> <span class='ocrx_word' id='word_1_60' title='bbox 303 1086 344 1133; x_wconf 87' lang='lat' dir='ltr'><strong>diu</strong></span> <span class='ocrx_word' id='word_1_61' title='bbox 354 1088 429 1150; x_wconf 79' lang='lat' dir='ltr'><strong>plenis</strong></span> <span class='ocrx_word' id='word_1_62' title='bbox 440 1086 557 1135; x_wconf 83' lang='lat' dir='ltr'><strong>effimtlere</strong></span> <span class='ocrx_word' id='word_1_63' title='bbox 567 1087 663 1150; x_wconf 79' lang='lat' dir='ltr'><strong>campis,</strong></span> 
     </span>
     <span class='ocr_line' id='line_1_13' title="bbox 182 1150 677 1215; baseline 0 -18"><span class='ocrx_word' id='word_1_64' title='bbox 182 1150 274 1198; x_wconf 78' lang='lat' dir='ltr'><strong>Scilicet</strong></span> <span class='ocrx_word' id='word_1_65' title='bbox 284 1159 311 1198; x_wconf 91' lang='lat' dir='ltr'><strong>ut</strong></span> <span class='ocrx_word' id='word_1_66' title='bbox 322 1151 418 1199; x_wconf 79' lang='lat' dir='ltr'><strong>nimiam</strong></span> <span class='ocrx_word' id='word_1_67' title='bbox 429 1152 524 1215; x_wconf 81' lang='lat' dir='ltr'><strong>pelleret</strong></span> <span class='ocrx_word' id='word_1_68' title='bbox 534 1152 588 1199; x_wconf 89' lang='lat' dir='ltr'><strong>inde</strong></span> <span class='ocrx_word' id='word_1_69' title='bbox 598 1152 677 1207; x_wconf 80' lang='lat' dir='ltr'><strong>sitim3</strong></span> 
     </span>
     <span class='ocr_line' id='line_1_14' title="bbox 148 1213 800 1277; baseline 0.005 -17"><span class='ocrx_word' id='word_1_70' title='bbox 148 1213 278 1277; x_wconf 76' lang='lat' dir='ltr'><strong>Postquam</strong></span> <span class='ocrx_word' id='word_1_71' title='bbox 288 1216 354 1263; x_wconf 88' lang='lat' dir='ltr'><strong>nulla</strong></span> <span class='ocrx_word' id='word_1_72' title='bbox 364 1216 426 1263; x_wconf 86' lang='lat' dir='ltr'><strong>viem</strong></span> <span class='ocrx_word' id='word_1_73' title='bbox 437 1216 510 1263; x_wconf 87' lang='lat' dir='ltr'><strong>virtus</strong></span> <span class='ocrx_word' id='word_1_74' title='bbox 519 1215 591 1276; x_wconf 81' lang='lat' dir='ltr'><strong>dedit,</strong></span> <span class='ocrx_word' id='word_1_75' title='bbox 602 1215 710 1264; x_wconf 73' lang='lat' dir='ltr'><strong>admovet</strong></span> <span class='ocrx_word' id='word_1_76' title='bbox 719 1229 800 1263; x_wconf 82' lang='lat' dir='ltr'><strong>omnes</strong></span> 
     </span>
     <span class='ocr_line' id='line_1_15' title="bbox 184 1279 825 1341; baseline 0 -15"><span class='ocrx_word' id='word_1_77' title='bbox 184 1279 309 1341; x_wconf 82' lang='lat' dir='ltr'><strong>Indignata</strong></span> <span class='ocrx_word' id='word_1_78' title='bbox 319 1280 380 1328; x_wconf 69' lang='lat' dir='ltr'><strong>novi</strong></span> <span class='ocrx_word' id='word_1_79' title='bbox 390 1281 514 1329; x_wconf 74' lang='lat' dir='ltr'><strong>calliditate</strong></span> <span class='ocrx_word' id='word_1_80' title='bbox 523 1281 595 1328; x_wconf 84' lang='lat' dir='ltr'><strong>dolos.</strong></span> <span class='ocrx_word' id='word_1_81' title='bbox 808 1280 825 1326; x_wconf 86' lang='grc'><strong>6</strong></span> 
     </span>
     <span class='ocr_line' id='line_1_16' title="bbox 148 1344 766 1409; baseline 0.003 -18"><span class='ocrx_word' id='word_1_82' title='bbox 148 1344 215 1391; x_wconf 79' lang='lat' dir='ltr'><strong>Natu</strong></span> <span class='ocrx_word' id='word_1_83' title='bbox 226 1344 309 1402; x_wconf 74' lang='lat' dir='ltr'><strong>brevis,</strong></span> <span class='ocrx_word' id='word_1_84' title='bbox 320 1345 434 1393; x_wconf 82' lang='lat' dir='ltr'><strong>immersis</strong></span> <span class='ocrx_word' id='word_1_85' title='bbox 445 1360 572 1393; x_wconf 71' lang='lat' dir='ltr'><strong>eccroeeens</strong></span> <span class='ocrx_word' id='word_1_86' title='bbox 582 1353 663 1409; x_wconf 86' lang='lat' dir='ltr'><strong>sponte</strong></span> <span class='ocrx_word' id='word_1_87' title='bbox 672 1344 766 1409; x_wconf 81' lang='lat' dir='ltr'><strong>lapillis,</strong></span> 
     </span>
     <span class='ocr_line' id='line_1_17' title="bbox 181 1408 648 1472; baseline 0.006 -18"><span class='ocrx_word' id='word_1_88' title='bbox 181 1408 284 1455; x_wconf 85' lang='lat' dir='ltr'><strong>Potendi</strong></span> <span class='ocrx_word' id='word_1_89' title='bbox 293 1408 384 1457; x_wconf 76' lang='lat' dir='ltr'><strong>facilem</strong></span> <span class='ocrx_word' id='word_1_90' title='bbox 395 1409 495 1472; x_wconf 74' lang='lat' dir='ltr'><strong>prebuit</strong></span> <span class='ocrx_word' id='word_1_91' title='bbox 504 1410 568 1456; x_wconf 82' lang='lat' dir='ltr'><strong>unda</strong></span> <span class='ocrx_word' id='word_1_92' title='bbox 577 1410 648 1457; x_wconf 73' lang='lat' dir='ltr'><strong>viann</strong></span> 
     </span>
     <span class='ocr_line' id='line_1_18' title="bbox 149 1470 745 1537; baseline 0 -17"><span class='ocrx_word' id='word_1_93' title='bbox 149 1470 247 1520; x_wconf 83' lang='lat' dir='ltr'><strong>Viribus</strong></span> <span class='ocrx_word' id='word_1_94' title='bbox 257 1472 307 1520; x_wconf 79' lang='lat' dir='ltr'><strong>haec</strong></span> <span class='ocrx_word' id='word_1_95' title='bbox 317 1473 395 1521; x_wconf 82' lang='lat' dir='ltr'><strong>docuit</strong></span> <span class='ocrx_word' id='word_1_96' title='bbox 408 1480 480 1537; x_wconf 82' lang='lat' dir='ltr'><strong>quern</strong></span> <span class='ocrx_word' id='word_1_97' title='bbox 490 1474 520 1520; x_wconf 89' lang='lat' dir='ltr'><strong>sit</strong></span> <span class='ocrx_word' id='word_1_98' title='bbox 529 1474 652 1536; x_wconf 86' lang='lat' dir='ltr'><strong>prudentis</strong></span> <span class='ocrx_word' id='word_1_99' title='bbox 661 1475 745 1536; x_wconf 75' lang='lat' dir='ltr'><strong>msJor,</strong></span> 
     </span>
     <span class='ocr_line' id='line_1_19' title="bbox 183 1534 689 1602; baseline 0.002 -18"><span class='ocrx_word' id='word_1_100' title='bbox 183 1534 238 1596; x_wconf 80' lang='lat' dir='ltr'><strong>Qui</strong></span> <span class='ocrx_word' id='word_1_101' title='bbox 248 1546 349 1601; x_wconf 62' lang='lat' dir='ltr'><strong>creptum</strong></span> <span class='ocrx_word' id='word_1_102' title='bbox 359 1539 457 1585; x_wconf 87' lang='lat' dir='ltr'><strong>volucris</strong></span> <span class='ocrx_word' id='word_1_103' title='bbox 467 1537 613 1600; x_wconf 76' lang='lat' dir='ltr'><strong>explicuisset</strong></span> <span class='ocrx_word' id='word_1_104' title='bbox 623 1553 689 1602; x_wconf 87' lang='lat' dir='ltr'><strong>opus.</strong></span> 
     </span>
    </p>
   </div>
   <div class='ocr_carea' id='block_1_6' title="bbox 346 1666 634 1716">
    <p class='ocr_par' dir='ltr' id='par_1_6' title="bbox 346 1666 634 1716">
     <span class='ocr_line' id='line_1_20' title="bbox 346 1666 634 1716; baseline 0 -1"><span class='ocrx_word' id='word_1_105' title='bbox 346 1666 490 1715; x_wconf 82' lang='lat' dir='ltr'><strong>FABULA</strong></span> <span class='ocrx_word' id='word_1_106' title='bbox 504 1668 634 1716; x_wconf 84' lang='lat' dir='ltr'>XXVIII.</span> 
     </span>
    </p>
   </div>
   <div class='ocr_carea' id='block_1_7' title="bbox 348 1798 635 1847">
    <p class='ocr_par' dir='ltr' id='par_1_7' title="bbox 348 1798 635 1847">
     <span class='ocr_line' id='line_1_21' title="bbox 348 1798 635 1847; baseline 0 -3"><span class='ocrx_word' id='word_1_107' title='bbox 348 1798 463 1845; x_wconf 76' lang='lat' dir='ltr'><strong>Rusticus</strong></span> <span class='ocrx_word' id='word_1_108' title='bbox 473 1805 496 1846; x_wconf 85' lang='lat' dir='ltr'><strong>ct</strong></span> <span class='ocrx_word' id='word_1_109' title='bbox 503 1801 635 1847; x_wconf 61' lang='lat' dir='ltr'><strong>«levorem.</strong></span> 
     </span>
    </p>
   </div>
   <div class='ocr_carea' id='block_1_8' title="bbox 153 1924 858 2697">
    <p class='ocr_par' dir='ltr' id='par_1_8' title="bbox 153 1924 680 2185">
     <span class='ocr_line' id='line_1_22' title="bbox 153 1924 680 1991; baseline 0.002 -16"><span class='ocrx_word' id='word_1_110' title='bbox 153 1924 239 1975; x_wconf 82' lang='lat' dir='ltr'><strong>Vincla</strong></span> <span class='ocrx_word' id='word_1_111' title='bbox 249 1925 372 1987; x_wconf 76' lang='lat' dir='ltr'><strong>recusanti,</strong></span> <span class='ocrx_word' id='word_1_112' title='bbox 383 1926 517 1991; x_wconf 71' lang='lat' dir='ltr'><strong>dedignanti</strong></span> <span class='ocrx_word' id='word_1_113' title='bbox 532 1943 563 1977; x_wconf 93' lang='lat' dir='ltr'><strong>ue</strong></span> <span class='ocrx_word' id='word_1_114' title='bbox 573 1929 680 1976; x_wconf 71' lang='lat' dir='ltr'><strong>iuvenco</strong></span> 
     </span>
     <span class='ocr_line' id='line_1_23' title="bbox 187 1991 641 2056; baseline 0 -17"><span class='ocrx_word' id='word_1_115' title='bbox 187 1992 277 2055; x_wconf 74' lang='lat' dir='ltr'><strong>Aspera</strong></span> <span class='ocrx_word' id='word_1_116' title='bbox 287 1991 388 2039; x_wconf 86' lang='lat' dir='ltr'><strong>mordsci</strong></span> <span class='ocrx_word' id='word_1_117' title='bbox 398 1992 495 2040; x_wconf 83' lang='lat' dir='ltr'><strong>subdere</strong></span> <span class='ocrx_word' id='word_1_118' title='bbox 573 1993 641 2056; x_wconf 80' lang='lat' dir='ltr'><strong>jugo,</strong></span> 
     </span>
     <span class='ocr_line' id='line_1_24' title="bbox 153 2055 672 2119; baseline 0.002 -15"><span class='ocrx_word' id='word_1_119' title='bbox 153 2055 266 2105; x_wconf 70' lang='lat' dir='ltr'><strong>Rusticus</strong></span> <span class='ocrx_word' id='word_1_120' title='bbox 276 2055 371 2119; x_wconf 74' lang='lat' dir='ltr'><strong>obliquo</strong></span> <span class='ocrx_word' id='word_1_121' title='bbox 381 2056 499 2105; x_wconf 87' lang='lat' dir='ltr'><strong>succidens</strong></span> <span class='ocrx_word' id='word_1_122' title='bbox 509 2072 595 2105; x_wconf 81' lang='lat' dir='ltr'><strong>cornus</strong></span> <span class='ocrx_word' id='word_1_123' title='bbox 604 2057 672 2117; x_wconf 75' lang='lat' dir='ltr'><strong>falce,</strong></span> 
     </span>
     <span class='ocr_line' id='line_1_25' title="bbox 188 2120 658 2185; baseline 0.004 -16"><span class='ocrx_word' id='word_1_124' title='bbox 188 2120 293 2169; x_wconf 80' lang='lat' dir='ltr'><strong>Credidit</strong></span> <span class='ocrx_word' id='word_1_125' title='bbox 302 2120 411 2168; x_wconf 75' lang='lat' dir='ltr'><strong>insanum</strong></span> <span class='ocrx_word' id='word_1_126' title='bbox 421 2121 570 2170; x_wconf 80' lang='lat' dir='ltr'><strong>defrernuissc</strong></span> <span class='ocrx_word' id='word_1_127' title='bbox 580 2136 658 2185; x_wconf 82' lang='lat' dir='ltr'><strong>pecus.</strong></span> 
     </span>
    </p>

    <p class='ocr_par' dir='ltr' id='par_1_9' title="bbox 154 2184 830 2378">
     <span class='ocr_line' id='line_1_26' title="bbox 155 2184 830 2234; baseline -0.007 0"><span class='ocrx_word' id='word_1_128' title='bbox 155 2184 246 2234; x_wconf 78' lang='lat' dir='ltr'><strong>Certus</strong></span> <span class='ocrx_word' id='word_1_129' title='bbox 256 2194 279 2233; x_wconf 91' lang='lat' dir='ltr'><strong>et</strong></span> <span class='ocrx_word' id='word_1_130' title='bbox 288 2185 403 2233; x_wconf 90' lang='lat' dir='ltr'><strong>immenso</strong></span> <span class='ocrx_word' id='word_1_131' title='bbox 413 2187 524 2234; x_wconf 75' lang='lat' dir='ltr'><strong>cervicum</strong></span> <span class='ocrx_word' id='word_1_132' title='bbox 534 2186 630 2233; x_wconf 87' lang='lat' dir='ltr'><strong>innectit</strong></span> <span class='ocrx_word' id='word_1_133' title='bbox 640 2193 729 2233; x_wconf 71' lang='lat' dir='ltr'><strong>aranos</strong></span> <span class='ocrx_word' id='word_1_134' title='bbox 813 2184 830 2229; x_wconf 77' lang='lat' dir='ltr'><strong>t</strong></span> 
     </span>
     <span class='ocr_line' id='line_1_27' title="bbox 154 2244 828 2362; baseline -0.001 -65"><span class='ocrx_word' id='word_1_135' title='bbox 154 2250 311 2362; x_wconf 45' lang='lat' dir='ltr'><strong>§cigentmqm</strong></span> <span class='ocrx_word' id='word_1_136' title='bbox 322 2258 369 2298; x_wconf 87' lang='lat' dir='ltr'><strong>erat</strong></span> <span class='ocrx_word' id='word_1_137' title='bbox 379 2249 417 2297; x_wconf 88' lang='lat' dir='ltr'><strong>hic</strong></span> <span class='ocrx_word' id='word_1_138' title='bbox 427 2265 499 2298; x_wconf 89' lang='lat' dir='ltr'><strong>cornu</strong></span> <span class='ocrx_word' id='word_1_139' title='bbox 508 2250 621 2315; x_wconf 81' lang='lat' dir='ltr'><strong>promtior</strong></span> <span class='ocrx_word' id='word_1_140' title='bbox 630 2258 701 2312; x_wconf 84' lang='lat' dir='ltr'><strong>atque</strong></span> <span class='ocrx_word' id='word_1_141' title='bbox 709 2244 780 2313; x_wconf 84' lang='lat' dir='ltr'><strong>pede)</strong></span> <span class='ocrx_word' id='word_1_142' title='bbox 823 2260 828 2282; x_wconf 87' lang='grc'><strong>··</strong></span> 
     </span>
     <span class='ocr_line' id='line_1_28' title="bbox 186 2314 789 2378; baseline 0 -17"><span class='ocrx_word' id='word_1_143' title='bbox 186 2314 191 2325; x_wconf 88' lang='grc'><strong>”</strong></span> <span class='ocrx_word' id='word_1_144' title='bbox 203 2314 209 2325; x_wconf 92' lang='grc'><em>“</em></span> <span class='ocrx_word' id='word_1_145' title='bbox 257 2323 284 2361; x_wconf 93' lang='lat' dir='ltr'><strong>ut</strong></span> <span class='ocrx_word' id='word_1_146' title='bbox 293 2314 378 2377; x_wconf 82' lang='lat' dir='ltr'><strong>longus</strong></span> <span class='ocrx_word' id='word_1_147' title='bbox 387 2314 519 2378; x_wconf 85' lang='lat' dir='ltr'><strong>prohiberet</strong></span> <span class='ocrx_word' id='word_1_148' title='bbox 528 2318 622 2364; x_wconf 70' lang='lat' dir='ltr'><strong>verbm</strong></span> <span class='ocrx_word' id='word_1_149' title='bbox 631 2321 703 2373; x_wconf 90' lang='lat' dir='ltr'><strong>temo,</strong></span> <span class='ocrx_word' id='word_1_150' title='bbox 785 2354 789 2361; x_wconf 94' lang='lat'>.</span> 
     </span>
    </p>

    <p class='ocr_par' dir='ltr' id='par_1_10' title="bbox 154 2378 858 2697">
     <span class='ocr_line' id='line_1_29' title="bbox 188 2378 669 2442; baseline -0.004 -15"><span class='ocrx_word' id='word_1_151' title='bbox 188 2379 256 2427; x_wconf 84' lang='lat' dir='ltr'><strong>Neve</strong></span> <span class='ocrx_word' id='word_1_152' title='bbox 266 2378 325 2426; x_wconf 89' lang='lat' dir='ltr'><strong>ictus</strong></span> <span class='ocrx_word' id='word_1_153' title='bbox 335 2379 413 2427; x_wconf 75' lang='lat' dir='ltr'><strong>faciles</strong></span> <span class='ocrx_word' id='word_1_154' title='bbox 423 2380 514 2442; x_wconf 75' lang='lat' dir='ltr'><strong>ungule</strong></span> <span class='ocrx_word' id='word_1_155' title='bbox 527 2396 588 2428; x_wconf 81' lang='lat' dir='ltr'><strong>sceva</strong></span> <span class='ocrx_word' id='word_1_156' title='bbox 597 2378 669 2425; x_wconf 76' lang='lat' dir='ltr'><strong>duret.</strong></span> 
     </span>
     <span class='ocr_line' id='line_1_30' title="bbox 154 2442 744 2519; baseline -0.002 -28"><span class='ocrx_word' id='word_1_157' title='bbox 154 2443 210 2503; x_wconf 74' lang='lat' dir='ltr'><strong>Sed,</strong></span> <span class='ocrx_word' id='word_1_158' title='bbox 222 2451 354 2519; x_wconf 71' lang='lat' dir='ltr'><strong>postquam,</strong></span> <span class='ocrx_word' id='word_1_159' title='bbox 365 2444 423 2491; x_wconf 88' lang='lat' dir='ltr'><strong>irsto</strong></span> <span class='ocrx_word' id='word_1_160' title='bbox 433 2443 561 2491; x_wconf 84' lang='lat' dir='ltr'><strong>detrectans</strong></span> <span class='ocrx_word' id='word_1_161' title='bbox 570 2442 663 2491; x_wconf 78' lang='lat' dir='ltr'><strong>vinculo</strong></span> <span class='ocrx_word' id='word_1_162' title='bbox 676 2442 744 2504; x_wconf 88' lang='lat' dir='ltr'><strong>collo,</strong></span> 
     </span>
     <span class='ocr_line' id='line_1_31' title="bbox 189 2505 858 2570; baseline -0.006 -15"><span class='ocrx_word' id='word_1_163' title='bbox 189 2508 334 2555; x_wconf 82' lang='lat' dir='ltr'><strong>Immentem</strong></span> <span class='ocrx_word' id='word_1_164' title='bbox 345 2508 418 2556; x_wconf 75' lang='lat' dir='ltr'><strong>vacui</strong></span> <span class='ocrx_word' id='word_1_165' title='bbox 428 2508 490 2556; x_wconf 79' lang='lat' dir='ltr'><strong>culce</strong></span> <span class='ocrx_word' id='word_1_166' title='bbox 499 2508 581 2570; x_wconf 74' lang='lat' dir='ltr'><strong>fatiget</strong></span> <span class='ocrx_word' id='word_1_167' title='bbox 590 2507 701 2565; x_wconf 88' lang='lat' dir='ltr'><strong>humum,</strong></span> <span class='ocrx_word' id='word_1_168' title='bbox 801 2505 832 2552; x_wconf 77' lang='lat'><strong>1⁰</strong></span> <span class='ocrx_word' id='word_1_169' title='bbox 855 2529 858 2537; x_wconf 55' lang='grc' dir='ltr'><em>ι</em></span> 
     </span>
     <span class='ocr_line' id='line_1_32' title="bbox 155 2570 726 2634; baseline -0.011 -13"><span class='ocrx_word' id='word_1_170' title='bbox 155 2572 273 2621; x_wconf 79' lang='lat' dir='ltr'><strong>Continuo</strong></span> <span class='ocrx_word' id='word_1_171' title='bbox 283 2587 385 2621; x_wconf 70' lang='lat' dir='ltr'><strong>evermu</strong></span> <span class='ocrx_word' id='word_1_172' title='bbox 441 2573 494 2620; x_wconf 84' lang='lat' dir='ltr'><strong>&#39;bus</strong></span> <span class='ocrx_word' id='word_1_173' title='bbox 503 2570 615 2634; x_wconf 78' lang='lat' dir='ltr'><strong>dispergit</strong></span> <span class='ocrx_word' id='word_1_174' title='bbox 623 2584 726 2629; x_wconf 72' lang='lat' dir='ltr'><strong>arerem,</strong></span> 
     </span>
     <span class='ocr_line' id='line_1_33' title="bbox 188 2631 717 2697; baseline -0.013 -12"><span class='ocrx_word' id='word_1_175' title='bbox 188 2636 269 2695; x_wconf 81' lang='lat' dir='ltr'><strong>Quem</strong></span> <span class='ocrx_word' id='word_1_176' title='bbox 279 2636 341 2686; x_wconf 68' lang='lat' dir='ltr'><strong>fmus</strong></span> <span class='ocrx_word' id='word_1_177' title='bbox 351 2636 376 2685; x_wconf 91' lang='lat' dir='ltr'><strong>iu</strong></span> <span class='ocrx_word' id='word_1_178' title='bbox 416 2636 476 2685; x_wconf 87' lang='lat' dir='ltr'><strong>mini</strong></span> <span class='ocrx_word' id='word_1_179' title='bbox 486 2649 527 2684; x_wconf 78' lang='lat' dir='ltr'><strong>ors</strong></span> <span class='ocrx_word' id='word_1_180' title='bbox 536 2631 652 2697; x_wconf 60' lang='lat' dir='ltr'><strong>mucuns</strong></span> <span class='ocrx_word' id='word_1_181' title='bbox 661 2632 717 2693; x_wconf 76' lang='lat' dir='ltr'><strong>agit.</strong></span> 
     </span>
    </p>
   </div>
   <div class='ocr_carea' id='block_1_9' title="bbox 0 0 947 2934">
    <p class='ocr_par' dir='ltr' id='par_1_11' title="bbox 0 0 947 2934">
     <span class='ocr_line' id='line_1_34' title="bbox 0 0 947 2934; baseline 0 0"><span class='ocrx_word' id='word_1_182' title='bbox 0 0 947 2934; x_wconf 95' lang='lat' dir='ltr'><strong> </strong></span> 
     </span>
    </p>
   </div>
  </div>
 </body>
</html>
