1875 2934
250 468 425 531 FABULAE
445 470 642 545 ALIQUOT,

107 644 233 727 ejusdem
253 645 423 739 plerumque
444 670 506 709 cum
527 649 646 709 Phaedri
670 650 790 711 Fabulis

181 728 353 806 argumenti,
374 729 500 787 suariis
522 728 714 811 Scriptors'bus

320 838 324 845 ·
368 818 514 889 excerptae.

167 1098 269 1148 Ptaedr.
282 1098 335 1147 Lib.
347 1103 365 1148 I
368 1100 396 1151 V.
406 1102 467 1149 sos.
479 1102 519 1149 24,
552 1102 595 1148 Ee
607 1102 727 1149 Cicerone.

106 1228 206 1289 Dicunt,
218 1244 272 1277 cum
286 1238 384 1279 coensret
394 1230 518 1279 Crannone
528 1230 553 1277 in
571 1228 693 1277 snmus
708 1230 787 1279 Simo-

104 1294 171 1342 mdes
177 1292 242 1356 opud
249 1294 357 1357 Scopam
364 1296 509 1343 fortunatum
517 1295 785 1357 hommemetnobrlem‚

103 1358 269 1422 cecinissetque
281 1358 306 1405 id
318 1374 410 1407 carmen
424 1359 509 1423 quod
502 1374 527 1407 ιιι
544 1374 598 1407 eum
613 1359 738 1436 scripsisset
749 1362 786 1424 (iu

104 1439 153 1488 quo
164 1422 248 1483 multa,
263 1422 359 1470 ornsndi
374 1426 451 1485 causa,
466 1424 588 1488 podiorum
602 1437 676 1481 more,
689 1423 714 1470 in
728 1424 788 1474 Ous-

103 1497 179 1536 torem
190 1488 274 1551 scripto
284 1496 307 1535 et
320 1488 440 1537 Pollucem
444 1459 567 1550 inissent),
580 1488 650 1535 nimis
657 1488 726 1536 ilium
737 1504 786 1536 sor-

104 1552 159 1600 dide
175 1550 290 1601 Simonidi
308 1551 401 1612 dixisse,
418 1554 449 1603 Se
465 1552 590 1601 dimidium
606 1554 657 1613 ejus
673 1547 703 1611 ei,
721 1553 785 1615 quod

103 1626 186 1680 pectus
198 1626 256 1664 esset
265 1632 308 1679 pro
320 1616 361 1664 iilo
374 1618 483 1678 carmine,
499 1617 623 1665 dsturum=
643 1612 784 1680 rdiquums

103 1680 785 1810 uerus

103 1811 162 1871 nidi,
172 1820 199 1861 ut
202 1812 337 1875 prodiret
327 1826 424 1873 juvenes
434 1820 494 1859 sture
501 1811 549 1859 ud
540 1825 640 1873 Jenussn
648 1810 708 1857 duos
732 1826 785 1859 nos-

101 1875 168 1931 dem
175 1876 276 1939 quicum
283 1890 423 1953 magnopere
430 1884 561 1925 evocarent
571 1874 713 1923 mnexisse'
733 1889 783 1936 um,

102 1940 216 2016 prodisse,
228 1941 311 1989 vidisse
322 1954 446 1990 neminem
475 1941 546 1989 Hoc
539 1940 632 1988 intenm
642 1938 717 2015 spatio
728 1956 783 1989 oon

103 2006 168 2053 cluse
184 2004 253 2064 illud,
270 2005 312 2053 ubi
328 2006 460 2069 epularetur
480 2006 576 2080 Sospes,
591 2002 729 2053 concidisse:
755 2004 784 2054 od

103 2069 172 2118 ruinis
188 2070 265 2133 ipsum
281 2085 417 2133 oppressum
433 2081 488 2118 cum
504 2070 552 2118 suis
568 2068 687 2117 interiisse.
714 2069 783 2129 Quos

103 2150 158 2183 cum
170 2134 269 2183 humore
280 2136 365 2183 vellent
379 2135 425 2194 sui,
441 2149 516 2198 neque
530 2142 624 2211 possent
637 2133 752 2181 obtritos·
745 2148 782 2180 ιιι-

103 2206 230 2247 ternosccre
240 2198 378 2259 ullomodo,
390 2169 521 2249 Simonides
533 2197 626 2255 dicim,
637 2212 667 2245 ex
681 2198 783 2261 eoquod

103 2264 254 2323 meminisset,
265 2278 312 2341 quo
327 2280 407 2313 eurum
557 2279 586 2311 ue
602 2262 727 2324 cubuisset,
742 2262 783 2311 de·

104 2336 242 2377 monstratur
252 2328 435 2394 uniuscnjusque
423 2264 657 2394 wirino·

344 2460 386 2507 Eo
399 2457 556 2515 Quintiliano.
617 2451 619 2455 ⁴

104 2566 188 2636 Aedem
204 2585 323 2637 menonis
340 2586 431 2651 primus
452 2585 579 2636 ostendisse
599 2584 685 2633 dirimr
705 2585 783 2634 Sino·

104 2648 782 2759 oidomjnsvolgsuuooleestsompogidouonso
