1875 2934
267 112 460 165 VARIORUM
480 114 644 165 bennum
759 116 790 166 tt

113 243 253 308 Imploravit
262 255 317 308 opes
327 244 437 305 hominis,
448 244 588 309 frenumque
597 243 690 307 recepit.
739 254 742 258 '
774 247 792 293 3

113 308 168 369 Sed,
181 318 304 373 postquam
316 310 387 357 usur
397 310 485 359 uolens
495 310 597 358 discessit
607 312 637 357 ab
647 310 721 369 hoste,

114 374 171 425 Nou
182 374 285 437 equitem
295 374 371 433 dorso,
383 389 429 422 uon
440 374 533 422 frenum
541 374 631 438 depulit
641 389 688 421 ore.
776 377 792 421 s

113 440 161 494 Sic,
173 438 224 502 qui,
236 439 369 502 pauperiem
381 439 474 498 veritus,
485 439 574 501 potiore
582 439 683 487 metallis

114 503 235 558 Libertate
246 512 315 562 earet,
326 503 447 552 dominum
459 504 527 551 vehet
535 504 664 567 improbus,
674 511 745 569 utque

113 568 202 616 Serviet
213 574 333 628 eternum,
346 568 401 631 quia
410 583 482 631 parvo
492 568 577 615 nesciet
586 568 630 617 uti.
691 602 694 606 -

193 697 291 745 Phaedr.
301 698 355 745 Lib.
367 700 390 745 J.
402 698 462 747 Fut.
475 698 513 745 13.
546 700 588 746 Eu
599 698 710 761 Apuleio.

113 826 206 876 conus
216 834 239 875 et
248 828 331 891 vulpes
341 842 412 875 unam
419 826 517 875 offulam
527 827 598 875 simul
603 826 717 887 viduant,
728 843 793 877 eum-

115 906 162 956 que
171 900 266 955 raptum
273 892 411 939 festinabant
419 891 469 954 puri
477 892 562 949 studio,
573 891 658 955 irnperi
668 892 791 953 eeleritate,

115 956 198 1018 vulpes
214 971 292 1016 cursu,
310 972 391 1005 corvus
407 956 493 1004 volatu.
535 956 613 1018 Igitur
630 956 678 1003 ales
694 957 791 1005 bestiam

115 1020 236 1085 prevenit,
248 1029 271 1067 et
282 1020 381 1069 secundo
394 1020 459 1079 flatu,
475 1021 590 1085 propresis
603 1021 720 1083 utrimque
733 1037 791 1085 pen-

115 1086 160 1144 nis,
172 1085 315 1147 praelabitur,
330 1092 353 1133 et
366 1085 490 1148 anticiput3
507 1094 577 1149 utque
588 1084 621 1131 ita
631 1084 711 1148 prendi
720 1087 792 1135 simul

114 1158 138 1197 et
148 1149 245 1197 victoriis
252 1150 326 1204 letus,
338 1149 437 1197 sublime
447 1158 547 1208 evectus,
561 1149 587 1195 in
597 1149 699 1213 quidem
713 1151 792 1213 proxi·

114 1212 155 1261 md
166 1229 253 1277 quercu
263 1214 288 1261 in
299 1228 390 1262 summo
401 1215 451 1275 ejus
461 1214 580 1262 euesrmine
590 1222 654 1261 tutus
665 1213 730 1262 sedit
753 1215 793 1262 Eo

115 1293 211 1342 quoque
220 1286 299 1326 nmen
310 1278 399 1341 vulpes,
408 1279 463 1341 quis
473 1278 575 1343 lapidem
585 1278 704 1344 nequibat,
710 1278 792 1327 dolum

12 1370 13 1379 ι
114 1344 184 1405 iecitz
197 1358 299 1406 nemque
310 1342 416 1390 eumdem
427 1345 531 1391 arborem
543 1342 666 1398 suecessitt
678 1343 793 1391 etusbsis-

115 1417 176 1466 tens,
191 1422 246 1455 cum
257 1422 355 1470 superne
363 1416 478 1470 ruptorem
486 1407 565 1471 predi
574 1417 682 1455 ovantem
695 1408 791 1466 videret,

114 1472 212 1523 undare
222 1480 273 1519 estu
283 1472 364 1519 worse
374 1479 415 1519 est.
433 1474 451 1501 “
463 1473 509 1520 Noe
520 1488 563 1535 ego
573 1472 663 1529 inseite,
674 1487 727 1535 quse
736 1488 793 1521 eum

113 1538 170 1585 stite
185 1536 303 1600 Apollinis
318 1536 402 1583 frustra
416 1536 563 1585 oertaverimt
581 1536 668 1600 quippe
682 1536 720 1583 eui
730 1537 793 1597 jum-

114 1601 207 1666 pridem
218 1615 300 1662 quipus
310 1609 358 1647 tum
369 1601 507 1649 ooneinnum
522 1609 565 1661 eet,
578 1610 606 1649 ut
617 1616 693 1664 neque
706 1600 792 1664 oppidu

115 1680 225 1730 paruum,
237 1679 312 1729 neque
322 1665 391 1712 nimis
402 1666 489 1728 grande
501 1666 539 1724 sit,
554 1665 594 1713 sed
609 1672 722 1726 quantum
737 1666 792 1713 satis

114 1731 146 1779 ud
156 1744 228 1777 usum
235 1729 384 1793 decoremque
393 1750 401 1791 3
412 1731 495 1793 plume
501 1729 587 1790 mollis,
596 1738 666 1792 euput
673 1738 791 1793 argutum,

68 1814 70 1817 ·
114 1803 219 1869 rostrum
229 1794 341 1869 validum.
375 1794 432 1842 Jum
444 1795 495 1859 ipse
508 1794 555 1842 eles
568 1794 641 1842 oculis
652 1810 791 1869 persequax,

115 1858 791 1970 ,sss

113 1989 206 2046 niveus,
213 1987 298 2051 quibus
304 1988 363 2035 inter
371 2002 395 2035 se
401 2004 447 2037 nox
457 2004 511 2037 eum
519 1988 557 2035 oie
566 1987 689 2044 differunt;
700 1995 792 2035 utrum-

132 2068 163 2101 ue
174 2052 272 2101 colorem
280 2053 368 2115 Apollo
379 2053 426 2101 suis
438 2053 532 2101 alitibus
544 2052 696 2100 eondonuvitr
714 2051 793 2099 eundi·

115 2069 175 2175 dium
186 2116 252 2177 olori,
263 2117 356 2179 nigrum
367 2132 441 2165 eorvo.
459 2117 533 2176 Quod
540 2116 639 2175 utinum,
646 2116 713 2165 sicuti
721 2130 794 2179 cyeno

116 2191 213 2231 eentum
224 2180 328 2242 indulsit,
343 2181 376 2229 its
389 2182 444 2235 huis
458 2197 552 2245 quoque
565 2196 644 2230 voeem
660 2179 791 2229 tribuisset!

115 2262 147 2295 ne
157 2256 206 2303 turn
218 2245 315 2309 pulchre
325 2246 379 2307 eles,
391 2262 444 2310 quae
455 2262 486 2295 ex
496 2245 561 2293 omni
570 2246 640 2293 esitio
649 2246 720 2307 longe
734 2259 793 2307 prue-

117 2310 189 2368 cellit,
201 2326 255 2359 voee
266 2310 367 2366 viduata,
374 2310 625 2368 ddicissfseundiltst,
633 2318 700 2358 muta
707 2308 794 2357 simet

116 2383 141 2425 et
153 2375 276 2438 elinguis.”
308 2375 339 2423 Id
350 2392 402 2424 veru
417 2377 458 2424 ubi
472 2390 554 2423 corvus
566 2374 641 2434 eudit,
658 2375 702 2422 boc
716 2373 793 2423 solum

116 2440 162 2493 sini
172 2454 220 2503 pree
230 2439 316 2487 suteris
326 2439 411 2500 deesse,
419 2440 476 2489 dum
483 2439 535 2487 vult
541 2439 667 2487 denssime
676 2439 792 2501 clangere,

117 2513 145 2553 ut
155 2519 186 2553 ne
195 2504 221 2551 id
230 2504 311 2553 saltem
321 2506 378 2553 olori
384 2504 532 2559 uoneederet3
543 2504 629 2552 oblims
636 2503 793 2565 offuluqunm

117 2569 233 2619 mordicus
242 2569 363 2631 retinebat,
374 2577 423 2617 toto
432 2569 492 2617 rium
501 2568 591 2619 hient:
602 2567 718 2631 aqueus,
729 2564 793 2629 quud

118 2634 196 2684 solutu
215 2642 344 2702 pepererat,
360 2642 430 2689 cautu
450 2633 543 2690 ambit·
564 2632 686 2684 ‚enimvero
701 2630 788 2693 vulpe·
