1875 2934
242 64 272 121 Ῥ.
288 64 371 123 sliu
387 70 613 124 SENTENTIAEJ
628 74 669 121 22.
757 72 794 129 97

104 193 211 251 ‘dmorie
221 200 464 264 vulnuoeenatim
476 202 592 267 qriifeoit
760 202 793 247 22

110 265 190 315 Amor
201 266 293 315 misceri
303 282 358 315 oum
369 267 450 315 timore
460 282 508 315 non
518 272 602 331 potent

109 331 205 379 Animo
215 332 303 379 dolenti
313 331 373 379 nihil
383 340 473 395 oportet
483 332 580 379 credere.

109 395 190 455 Anus,
200 412 256 443 oum
266 396 334 455 ludit,
345 397 414 444 morti
425 395 518 444 delicias
527 396 590 443 facit.
600 402 609 411 ”
758 395 792 441 25

109 460 202 525 Aperte
211 461 275 508 melu
285 476 339 509 oum
350 470 384 509 εει
393 460 486 520 mulier,
498 469 549 508 tum
560 460 655 508 demum
666 465 701 506 eet
710 458 779 507 bone.

108 526 192 574 Avaro
203 525 262 588 quid
271 524 328 573 mali
338 534 411 587 optee,
423 524 467 573 nisi
479 528 497 553 “
509 525 582 573 Vives
592 523 633 571 din
641 522 670 572 ?’‘

107 590 221 639 Avarum
232 589 298 637 facile
308 590 392 653 erpino,
403 590 445 637 ubi
455 604 503 637 non
513 589 544 637 oie
554 588 624 636 idem.

16 680 18 687 v
108 654 207 701 Avarus
218 653 310 701 animun
321 655 387 702 nullo
397 654 494 701 satietur
503 655 575 701 luoro.

109 719 219 777 Avarus,
230 717 340 765 nieioum
351 718 456 779 moritur,
467 719 572 766 nilreote
581 717 644 765 facit.
756 719 789 768 ³0

106 782 290 831 Automatam
301 783 349 831 odit
358 782 457 831 mulier:
474 782 534 830 nihil
545 791 579 830 εει
588 782 691 830 tertium.

107 847 211 896 Auxilio
220 846 320 895 humilia
330 848 397 895 firme
407 862 529 895 consensui
539 846 602 895 iacit

107 912 176 961 Bene
187 912 295 975 oogiuu,
305 912 324 959 ri
334 912 452 970 excidunt,
464 926 510 959 non
521 911 634 959 occidunt.

106 978 173 1027 Bene
185 976 279 1031 dormit,
290 976 331 1040 qui
342 992 388 1024 non
398 977 476 1035 sentit,
488 991 559 1051 quam
569 976 630 1024 mule
640 975 747 1025 dormiat.
816 1031 818 1034 ,

106 1040 227 1089 Beneficio
237 1040 306 1103 plura
316 1040 405 1105 recipit,
418 1041 459 1105 qui
470 1040 623 1089 sutreddere.
752 1041 786 1089 ³5

107 1105 255 1154 Beneficium
265 1106 373 1167 eooipere,
384 1105 513 1153 libertatern
523 1114 558 1153 eet
568 1105 673 1153 vendere.

107 1169 254 1219 Beneficium
264 1169 341 1217 dendo
351 1170 446 1233 accepit,
457 1170 500 1234 qui
510 1169 581 1232 digno
591 1170 661 1217 dedit.

106 1234 253 1283 Beneficium
264 1234 340 1297 dignis
350 1234 392 1283 ubi
402 1234 450 1294 dee,
461 1250 542 1282 omnen
552 1234 647 1297 obliges.

16 1336 17 1339 η
106 1298 253 1348 Beneficium
264 1298 318 1347 dure
328 1300 370 1363 qui
380 1299 460 1358 nescit,
471 1298 556 1360 injuste
567 1298 630 1361 petit

107 1362 590 1427 Buuoumqnounoeseunupeee
751 1364 784 1411 lo
873 1330 877 1338 ’

16 1472 17 1481 ,
106 1427 254 1477 Beneficium
265 1444 324 1490 oaepe
334 1428 397 1488 dare,
409 1428 490 1477 docere
499 1438 534 1477 eet
544 1427 645 1476 reddere

16 1492 18 1499 ’
104 1492 173 1541 Bene
185 1491 260 1555 perdis
269 1492 390 1555 gaudium,
401 1493 441 1541 ubi
452 1493 517 1541 dolor
526 1492 611 1557 pariter
620 1491 688 1557 perit.

106 1557 173 1605 Bene
179 1556 255 1621 perdit
264 1572 382 1616 nummos,
391 1557 465 1619 judici
476 1573 535 1622 quoe
544 1557 585 1605 det
594 1571 686 1605 nooene.

105 1621 174 1670 Bene
185 1621 244 1672 vixit
253 1622 282 1682 ie,
294 1622 336 1685 qui
345 1621 430 1684 potuit,
442 1638 497 1671 oum
507 1622 589 1681 voluit,
602 1620 670 1670 mori.

105 1686 150 1734 Bie
158 1686 231 1734 emori
242 1695 285 1746 eet,
296 1686 389 1735 alteriue
400 1686 493 1735 arbitrio
503 1686 569 1734 mori.
746 1687 779 1735 45

104 1750 149 1798 Bu
158 1758 252 1813 gratum
260 1758 302 1809 est,
314 1750 377 1814 quod
387 1750 441 1799 doto
451 1767 510 1816 opu·
519 1759 563 1809 eet,
574 1750 636 1799 ultro
646 1749 666 1798 ei
675 1750 764 1799 offerre

104 1808 148 1863 Bis
158 1814 307 1877 interimitur,
318 1816 360 1879 qui
370 1816 417 1863 sule
427 1817 498 1865 ormie
507 1815 574 1879 perit.

103 1879 147 1929 Bio
157 1894 246 1943 pecore,
258 1896 313 1929 oum
323 1880 426 1944 peccanti
435 1880 573 1944 obsequium
582 1879 752 1928 eooommodw

104 1944 147 1993 Bis
158 1943 238 2004 vincit,
250 1945 291 2009 qui
302 1960 326 1993 ee
336 1944 407 1993 vineit
415 1945 440 1993 in
452 1943 551 1993 victorii.

102 2008 232 2068 Blanditii,
243 2023 290 2057 non
301 2008 406 2071 imperio,
418 2009 446 2057 fit
456 2009 530 2057 dulcio
541 2011 630 2058 Venno.
694 2041 698 2047 ·
744 2010 778 2058 5⁰

103 2073 172 2123 Bone
183 2082 301 2138 oomperet
310 2074 418 2137 praeeidie
427 2072 589 2123 misericordie.

103 2130 172 2187 Bone
181 2137 246 2187 foma
255 2139 280 2186 in
290 2138 388 2186 tenebris
398 2140 518 2202 proprium
529 2139 673 2203 splendorem
683 2138 780 2187 obtinet.

102 2202 172 2252 Bona
182 2216 245 2250 more
256 2212 290 2251 εει
300 2202 384 2262 omnin,
396 2204 449 2251 vitre
459 2220 513 2268 quae
523 2204 649 2267 exstinguit
658 2202 730 2252 mule.

102 2266 171 2315 Bone
181 2267 270 2315 nemini
280 2268 337 2315 hore
347 2275 389 2326 εει,
402 2275 429 2315 ιιι
439 2283 486 2316 non
497 2267 566 2316 elicui
576 2268 607 2315 eit
617 2267 687 2316 mole,

102 2333 223 2380 Bonorum
234 2348 312 2381 rerum
323 2332 464 2380 consuetudo
474 2341 508 2379 eet
519 2333 625 2396 peeeimn.
745 2333 779 2379 55

101 2388 218 2445 Bdnitetie
228 2398 298 2445 verbe
308 2395 402 2455 imitari,
413 2398 488 2459 major
495 2397 585 2446 malitie
593 2404 637 2445 eet·

101 2460 223 2511 Bonorum
233 2461 321 2509 crimen
332 2468 366 2509 εει
374 2461 488 2510 officiosus
497 2463 575 2511 miser.

100 2526 194 2576 Bonum
206 2525 237 2574 nd
247 2526 324 2575 virum
334 2526 379 2574 oitn
389 2525 488 2574 moritur
497 2526 624 2576 uenandi».

100 2590 195 2643 Bonum
205 2599 240 2643 eet
249 2590 360 2656 fugiende
370 2590 488 2654 odepioere
498 2590 525 2639 in
534 2591 611 2641 »limo
620 2588 692 2637 molo·

662 2665 680 2699 ι
