1875 2934
255 114 260 127 “
349 102 518 155 AVIANUS.
533 103 579 151 3οὲ
769 96 808 149 Bk

339 232 482 282 FABULA
499 230 585 280 XXX·
772 187 775 196 ⁴

328 364 427 411 Volscus
438 369 460 411 et
471 362 598 410 Dominus.

119 490 261 541 vastantem
272 498 367 553 segetes,
379 500 402 539 et
411 487 508 553 pinguia
518 487 581 537 culta
588 492 703 545 ruentem,

153 556 268 619 liquerat
278 556 367 603 abscisi
378 556 490 603 Rusticus
501 569 558 601 aure
568 568 641 600 uteru.

120 618 166 678 Ut,
179 635 277 678 memor,
288 620 375 683 accepti
385 619 484 668 russeus
494 617 638 665 monimenta
647 613 740 677 doloris,

156 684 262 739 Ulterius
273 684 355 732 teneris
477 682 589 731 illesatis.

120 748 214 797 Rursus
225 744 249 795 in¹
261 749 349 811 excepti
376 763 485 812 eprensus
495 746 590 795 crimine
600 744 686 808 campi,
783 745 800 790 ὃ

154 812 263 861 Perdidit
272 811 370 861 indultu
379 813 481 877 perfidus
491 812 553 859 auris
567 826 632 858 onus.

121 877 175 926 Nec
185 892 266 933 morsu
285 877 400 940 praedictae
410 877 481 939 segeti
491 884 561 939 caput
570 874 650 923 intulit
659 873 772 931 horrens3

128 974 139 983 ,.
155 942 229 990 Poena
239 941 280 990 sed
290 942 412 1005 indignum
423 940 583 1004 congeminata
593 939 656 987 facit.

123 1004 194 1055 Tunc
204 1005 303 1053 Domini
314 1015 407 1069 captum
417 1005 504 1053 mensis
514 1004 578 1052 dedit
587 1004 627 1051 ille
637 1002 751 1066 superbis,

154 1066 186 1119 In
198 1070 273 1119 varius
283 1070 363 1133 epulus
373 1069 475 1133 plurima
484 1069 652 1117 frustaseoens.
768 1066 798 1113 lo

121 1135 175 1189 Sed,
188 1150 243 1183 cum
254 1135 369 1182 consumti
379 1134 496 1182 Dominus
506 1148 544 1181 cor
554 1138 665 1196 quareret
675 1130 733 1195 apri,

154 1199 286 1263 Impatiens
296 1198 370 1246 fertur
380 1198 443 1263 quod
453 1198 556 1262 rapuisse
566 1212 667 1272 coquum

122 1264 235 1316 Rusticus
245 1263 290 1311 hoc
298 1264 385 1324 justam
396 1264 465 1311 verbo
476 1261 692 1325 compascuum,

154 1328 286 1375 Affirmans
296 1328 394 1375 stultum
405 1342 452 1374 non
462 1326 571 1375 habuisse
581 1340 654 1373 suem.

122 1396 141 1422 “
152 1393 220 1440 Nam
231 1407 272 1439 cur
282 1394 439 1439 membrorum
450 1391 544 1438 demens
554 1391 579 1438 in
590 1390 676 1437 demna
685 1387 789 1448 redisset,

154 1457 238 1519 Atque
248 1470 296 1503 uuo
306 1456 372 1503 toties
382 1464 457 1519 posset
468 1457 498 1503 ab
508 1455 574 1503 hoste
584 1454 635 1517 capi
643 1454 672 1501 ?”
770 1454 800 1501 16

123 1521 183 1569 Haec
194 1520 247 1568 illos
257 1529 372 1584 praeopta
381 1528 485 1578 monent,
497 1519 642 1586 quilsaepius
652 1518 712 1579 ausi,

155 1586 286 1649 Nunquam
298 1585 395 1653 peccatis
405 1584 537 1632 abstinuere
546 1598 637 1631 manus.

332 1712 475 1762 FABULA
490 1712 592 1761 XXXI.

376 1844 439 1891 Mus
449 1817 475 1891 ct
483 1845 541 1890 Bos.

122 1974 247 2038 Ingentem
257 1972 332 2022 fertur
342 1973 401 2021 Mus
428 1973 530 2021 nondam
540 1987 633 2037 parvus,
644 1973 761 2033 oberrans,
861 1996 867 1999 ·

154 2040 236 2087 Ausus
247 2040 277 2085 ab
288 2038 373 2101 exiguo
428 2054 466 2087 ere
476 2038 545 2086 dante
554 2037 652 2085 Bovenu

121 2103 223 2162 verm,
234 2103 277 2151 ubi
286 2103 388 2151 mordaci
398 2102 497 2151 museait
505 2102 602 2151 vulnera
610 2110 691 2162 roano,

154 2168 235 2216 Tutus
244 2168 270 2215 in
280 2166 404 2215 amfractus
415 2167 521 2215 conditur
530 2165 584 2213 inde
594 2182 656 2214 uros.

120 2233 176 2291 Ille,
187 2232 243 2280 licet
252 2232 316 2279 vasti
325 2240 416 2280 torvum
427 2231 513 2279 cervice
523 2230 632 2290 minetur,
784 2230 801 2275 5

155 2298 211 2345 Nou
222 2305 311 2353 tamen,
322 2296 394 2345 iratus
407 2310 478 2360 quem
489 2303 563 2358 petat,
574 2310 623 2342 esse
633 2293 703 2342 videt.

122 2362 203 2418 Tunc,
213 2360 373 2425 indignantem
382 2363 446 2423 justo
457 2374 561 2407 sermone
570 2358 679 2422 fatigans,

153 2425 253 2473 Distulit
263 2426 357 2474 hostiles
367 2424 492 2474 calliditate
501 2424 584 2471 minas.

121 2493 140 2521 “
148 2490 175 2539 N
175 2505 215 2546 on,
224 2490 280 2554 quia
289 2505 376 2553 magna
383 2490 425 2538 tibi
433 2488 564 2536 tribuerunt
569 2489 676 2536 membra
684 2494 800 2552 parentes,
859 2505 864 2509 ·

152 2554 250 2603 Viribus
260 2554 367 2603 effectum
378 2552 517 2602 constituite
525 2550 598 2600 miel’
762 2552 800 2596 *1⁰
