1875 2934
138 72 172 129 ὅθ
363 76 533 130 ΔῊᾹΝΗΒ.
547 78 589 127 ³2

136 205 753 272 Disoetattrtn,.i›revibusquetitiidudamoustris,
786 203 815 253 11
912 203 913 240 i

170 274 206 323 Ut
215 274 292 336 faeiat,
303 273 418 339 quidquid
428 272 526 337 parvula
535 274 605 321 mrba
615 271 686 335 eupit

337 418 481 468 FABULA
499 416 616 466 XXXII.

332 562 448 611 Rusticus
458 568 481 610 et
491 556 617 610 Herculea.
703 616 706 620 ,

140 690 275 739 Harentem
284 690 348 739 luteo
358 692 402 740 sub
413 691 505 767 gurgite
515 690 626 739 Rusticus
636 701 705 738 axem

171 754 291 818 liquerat,
304 762 327 802 et
337 770 408 803 nexos
418 755 449 802 ad
458 771 517 818 juga
527 771 597 804 curva
608 757 686 815 boves,

139 819 235 869 Frustra
245 818 359 896 dispositis
369 818 486 867 confidens
497 820 603 867 Numina
614 818 673 867 votis

172 884 242 931 Ferre
253 900 300 932 suis
310 886 388 943 rebus,
400 900 454 931 eum
464 884 582 943 resideret,
593 898 671 949 opem.

140 948 187 997 Cui
198 948 269 997 victor
279 949 376 997 summis
387 948 525 1012 Tirynthius
535 948 587 995 iniit
597 950 626 996 ab
638 944 713 1006 astris,
803 948 822 1001 ὅ,

173 1012 249 1067 (Nam
261 1020 327 1061 vocat
337 1013 400 1060 hunc
411 1013 511 1076 supplex
521 1013 546 1059 in
557 1029 599 1060 sua
609 1021 663 1060 vota
674 1006 767 1073 Deum)

140 1080 159 1106 “
171 1074 245 1140 Perge
255 1078 385 1125 laborantes
395 1078 496 1125 stimulis
506 1078 592 1140 agitare
601 1078 720 1139 juvandos,
762 1084 765 1089 '

172 1141 324 1189 Etmanibus
334 1141 483 1205 pigrasdisce
495 1143 577 1203 juvare
587 1150 654 1189 rotas.
820 1140 823 1149 '

140 1206 211 1254 Tunc
218 1221 311 1270 quoque
322 1221 478 1269 congressum,
487 1206 621 1270 majoraque
628 1204 716 1253 viribus
723 1216 820 1263 ausum,

173 1269 220 1318 Fas
230 1272 330 1334 Superos
341 1270 424 1318 animis
435 1269 638 1318 wnoliaretuisss’
789 1268 820 1315 lo

141 1334 212 1383 Disce
222 1344 308 1391 tamen,
319 1332 391 1398 pigris
401 1350 447 1382 non
459 1335 520 1382 flecti
532 1334 638 1381 Numina
648 1330 716 1394 votis,

174 1399 346 1465 Presentesque
356 1398 448 1461 adhibe,
459 1414 515 1447 cum
525 1399 581 1447 fatis
588 1399 646 1463 ipse,
658 1400 732 1448 Deos·

237 1543 239 1549 ’
335 1544 479 1595 aaroni
495 1544 623 1595 xxx111.
643 1615 647 1621 Ι

354 1688 468 1737 Auserat
479 1687 604 1734 Raeticae.

142 1813 219 1865 Anser
229 1823 277 1863 erut
287 1815 379 1864 cuidam
389 1814 490 1880 pretiosa
499 1815 603 1878 germine
612 1815 668 1874 feu,

175 1880 275 1943 Ovaque
285 1895 338 1944 que
347 1880 408 1928 nidis
418 1895 489 1928 aurea
499 1895 559 1942 sepe
570 1879 643 1927 duret

143 1944 238 1992 Fixerat
247 1944 307 1993 hane
318 1944 405 1993 volueri
414 1945 490 2007 legem
500 1944 524 1990 N
527 1952 594 1991 euin
604 1944 718 2008 superbo,

175 2008 214 2056 Ne
223 2008 291 2058 liceat
301 2008 386 2073 pariter
395 2024 494 2057 munera
502 2008 562 2057 ierne
571 2009 626 2057 duo.

143 2072 190 2123 Sed
201 2072 327 2135 Dominus,
337 2073 448 2138 cupidum
459 2086 553 2136 sperans
562 2088 682 2123 messere
690 2081 783 2136 votum,
805 2075 822 2122 Ι

176 2136 231 2187 Nou
242 2138 297 2187 tulit
306 2153 386 2187 exosas
395 2138 420 2185 in
431 2152 474 2186 sua
483 2138 549 2185 lum
557 2152 641 2186 moras.

144 2203 238 2251 Grande
248 2211 312 2251 ratus
322 2203 422 2266 pretium
433 2202 532 2250 volueris
541 2202 572 2251 de
578 2212 654 2252 morta
663 2202 757 2266 Merra

176 2267 238 2326 Quae
246 2277 294 2315 tarn
305 2268 414 2316 oootinuo
424 2281 520 2315 munere
529 2266 594 2315 dives
603 2277 659 2316 erat.

144 2333 272 2396 Postquam
282 2332 346 2380 nuda
356 2333 437 2379 minax
447 2331 496 2393 egit
504 2346 546 2394 per
556 2332 642 2381 viatere
650 2333 749 2395 farrum,

175 2396 209 2444 Et
219 2411 315 2444 vacuam
326 2397 398 2445 solitis
407 2396 640 2455 fetibutessevidett
788 2397 820 2447 lo

144 2461 264 2523 Ingemuit
274 2470 345 2509 tante
355 2461 464 2524 deeeptus
473 2460 570 2509 crimine
579 2461 674 2514 fraudis.

177 2524 242 2575 Nam
250 2540 342 2590 posnam
350 2525 441 2574 meritis
450 2524 540 2574 rettulit
548 2525 603 2575 inde
613 2528 670 2577 nris.
