1875 2934
333 94 502 153 nummus
516 93 558 151 lt.
752 95 786 157 87

106 230 179 299 llum
188 222 273 295 argit·
282 238 344 280 novo
354 230 495 295 gaudentem
505 229 594 295 Vulpis
607 229 695 279 amieo
733 219 737 226 ’
769 225 789 286 t

138 296 251 359 Corripit,
263 305 287 345 et
296 310 367 345 vanu
378 298 491 360 approbat
501 309 550 345 esse
560 304 634 344 notae.

108 362 125 391 “
135 359 233 421 Vade,”
244 360 286 421 alt,
295 364 313 391 “
325 369 349 409 et
358 360 426 425 pieta
435 360 536 409 nimium
547 361 636 409 confide
644 361 756 422 juverto,

136 424 205 474 Dum
216 426 276 474 mihi
286 426 408 474 eonsilium
418 426 538 491 pulchrius
549 442 597 475 mae
607 433 684 489 queat
689 426 706 449 ’‘
756 425 786 472 10

107 486 271 555 Miremurque
280 490 364 553 magis,
376 506 434 554 quos
445 504 543 539 munera
553 490 638 539 mentis
647 490 770 551 edomant,

121 570 123 581 ·
138 555 221 615 Quam
231 556 273 620 qui
283 556 396 619 oorporeis
406 556 510 604 omittere
520 556 595 605 boola

324 684 468 745 unauna
486 684 559 735 xm,

343 778 423 863 rnna}
433 819 456 863 et
471 816 549 864 mee

108 938 228 1009 impulsus
238 944 322 1003 ventit,
333 950 357 993 et
367 944 445 1007 pressi
455 946 518 993 nube
528 951 628 1004 ooaeurs,

140 1010 247 1073 Ruperat
257 1008 359 1057 hibernis
370 1023 394 1056 se
404 1009 481 1072 maru
492 1010 572 1057 Imber
582 1008 657 1072 aquis.

110 1072 218 1137 (Iamque
229 1089 270 1137 per
280 1074 363 1121 effusas
373 1081 489 1135 stagnaret
498 1074 591 1122 turbine
601 1083 681 1133 terras,

140 1138 284 1201 Expositum
295 1137 382 1201 campis
393 1137 462 1185 fictile
472 1139 555 1201 pressit
564 1153 631 1201 opus.

111 1200 213 1263 (Mobile
223 1217 326 1265 namque
335 1204 413 1249 lutum
423 1202 515 1265 tepidus
524 1202 589 1266 prius
599 1200 692 1249 instruit
702 1199 750 1263 air,
768 1203 785 1249 ὅ

140 1266 224 1313 Discat
233 1275 261 1313 ut
271 1266 364 1315 admoto
373 1266 456 1314 reulus
471 1267 526 1329 igne
535 1266 624 1330 coqui.)

109 1329 179 1378 Tunc
191 1330 295 1379 Nimbus
305 1330 392 1393 fragilis
401 1331 514 1393 perquirit
524 1330 619 1378 nomina
629 1338 700 1378 mette.

141 1395 271 1443 Immemor
283 1394 380 1455 illaturi,
393 1400 411 1423 “
422 1395 547 1458 Amphora
556 1395 645 1454 ditor‚”
656 1395 697 1441 ait.

111 1463 129 1490 “
141 1460 214 1508 Nunc
224 1475 263 1507 me
274 1459 340 1506 docte
350 1474 433 1507 manus
444 1460 547 1523 rapiente
557 1459 677 1507 volumina
686 1472 745 1521 gyro

142 1524 249 1571 Molliter
259 1524 380 1587 obliquum
390 1524 458 1585 jussit
467 1524 552 1572 habere
561 1524 690 1571 latus.''-
755 1523 786 1570 10

109 1590 129 1618 “
141 1588 262 1635 Hactenus
272 1587 342 1647 hae‚”
353 1588 438 1651 inquit,
451 1590 468 1615 “
480 1589 547 1635 lioeat
557 1596 659 1636 constare
669 1585 759 1649 figure:

140 1654 159 1701 J
160 1668 199 1700 am
210 1660 233 1699 te
244 1653 370 1713 subjectam
381 1652 454 1700 diluet
469 1652 549 1700 Imber
561 1652 655 1715 aquis.”

108 1718 143 1765 Et
153 1716 233 1776 simul,
245 1726 337 1780 accepto
347 1717 469 1765 violentius
480 1731 549 1765 amne
559 1717 675 1778 fatiscens,

142 1782 241 1829 Pronior
250 1781 274 1828 in
286 1792 365 1829 tenues
375 1782 434 1829 victa
445 1781 545 1829 cucurrit
554 1796 634 1845 aquae.

108 1846 206 1905 Infelix,
219 1861 279 1909 quse,
291 1861 376 1908 magna
387 1846 431 1892 sibi
441 1845 579 1907 cognomina
588 1860 691 1905 sumens,
753 1846 785 1893 lb

143 1912 212 1959 Ausa
222 1910 357 1973 pharetratis
369 1909 486 1958 Imbribus
497 1910 542 1957 ista
553 1909 626 1973 loqui.

109 1976 171 2024 Haeo
181 1982 289 2038 poterunt
299 1974 393 2037 posthac
404 1974 499 2022 miseros
509 1974 616 2036 exempla
625 1989 728 2036 monere,

143 2039 244 2089 Subdita
254 2038 370 2087 nobilibus
381 2054 411 2086 ne
421 2054 464 2088 sua
473 2039 522 2088 fata
532 2048 634 2102 gemant.
696 2094 698 2110 γ

327 2166 471 2216 FABULA
486 2118 578 2218 XIIII:

336 2298 421 2361 Lupus
431 2304 454 2345 et
464 2299 567 2345 Hoedut.

110 2427 182 2476 Forte
193 2425 289 2489 Lupum
301 2427 383 2475 melior
393 2440 462 2474 eursu
472 2426 588 2475 deluserat
598 2426 698 2487 Haedua,

146 2491 260 2540 Proxima
270 2491 351 2539 vicinis
361 2490 419 2538 dum
431 2491 489 2554 petit
499 2507 554 2539 arva
564 2492 630 2539 casis.

113 2557 174 2606 Inde
184 2557 265 2619 sugam
277 2562 339 2603 recto
349 2555 444 2603 tendens
454 2554 478 2602 in
490 2556 575 2603 moenia
585 2570 663 2616 eursu,

146 2623 214 2672 Inter
223 2620 340 2685 lanigeros
350 2618 452 2669 constitit
462 2618 502 2668 ille
512 2634 601 2683 greges.
