1875 2934
86 174 89 181 Ι
140 102 197 150 102
241 101 289 152 ΦΑ
306 99 388 151 SYRI
405 99 625 151 sumnum.
639 99 702 149 212¹

137 232 269 279 Psuccrum
279 229 413 294 improbitas
423 229 536 278 universis
545 229 671 278 alardus.
767 227 821 276 212

138 296 264 343 Peccatum
275 303 393 353 extenuat,
405 294 446 358 qui
457 293 559 342 celeriter
569 294 668 357 corrigit.

136 361 326 424 Pejorequerulo
337 360 421 422 cogitet
430 366 511 406 mutus
521 359 596 407 dolor.
761 396 765 404 .

137 425 262 487 Perfugere
272 425 302 472 ed
312 424 350 473 ini
372 424 451 484 orem,
463 438 488 471 se
497 424 576 487 ipsum
586 432 622 471 est
631 422 729 471 cudere.
765 422 815 470 215

137 489 227 537 Pericu
237 489 340 549 timidus,
353 488 423 535 etiem
433 504 487 552 quae
497 502 544 535 non
555 497 619 548 mnt,
630 487 700 535 ridet.

138 554 225 616 Populi
234 563 269 602 eet
278 553 429 615 mancipium,
437 552 542 617 quisquis
548 553 629 615 petrice
638 561 674 600 eet
682 551 755 600 nfflis.

139 618 196 665 Post
206 618 369 676 calamitatem,
381 617 494 665 memorio
503 617 549 664 alie
558 625 593 663 est
602 616 729 665 celemites.

138 683 229 732 Potens
235 682 362 731 misericors
373 681 466 744 publico
476 691 510 729 est
517 681 619 730 felicitas.

138 747 232 795 Potenti
242 747 317 808 insci,
329 747 373 795 sibi
383 746 496 808 periclum
503 754 539 793 est
548 762 656 809 querere.
765 746 815 795 222

139 812 243 860 Proesens
253 820 288 859 est
297 826 396 875 semper,
407 810 449 873 qui
459 813 543 860 absens
550 810 620 858 etiem
630 808 756 860 ulciscibn.

139 875 209 922 Prius
219 884 329 939 negatum
340 884 392 939 poet
401 875 489 934 iecisse,
499 884 534 923 est
548 874 635 926 ἰὼν.

138 940 229 988 Probus
239 940 335 989 libertus
345 940 393 988 sine
400 941 484 988 naturis
493 949 527 988 est
537 939 606 988 filius.

139 1004 219 1053 Pudor
229 1004 336 1053 dimissus
345 1020 467 1068 nunquam
477 1005 536 1052 redit
545 1005 571 1051 in
581 1005 689 1068 gratim.

139 1068 220 1117 Pudor
230 1070 305 1119 dceeri
315 1084 362 1117 non
371 1077 455 1133 potest,
467 1070 529 1117 nesci
538 1077 620 1133 potest
763 1071 812 1118 226

139 1133 248 1197 Pupillus
257 1134 358 1182 bominis
368 1134 430 1181 uvidi
441 1142 477 1181 est
486 1134 559 1181 aetetis
569 1134 654 1184 brevis.

138 1196 262 1262 Quidquid
271 1198 378 1246 futurum
388 1207 422 1246 est
431 1212 560 1258 summum,
571 1200 601 1246 sb
611 1199 661 1247 imo
669 1198 780 1249 nesciusr.

138 1261 189 1321 Qui
199 1278 241 1327 pro
251 1263 371 1311 innocente
381 1263 443 1321 dicit,
455 1263 510 1311 sctis
520 1271 555 1310 est
564 1263 681 1327 eioquens.

139 1324 189 1384 Qui
198 1343 222 1375 se
231 1327 280 1391 ipse
289 1327 375 1383 laudet,
385 1328 429 1375 cito
439 1327 563 1375 derisorem
573 1328 669 1376 invenit.

138 1389 211 1449 Quod
222 1400 276 1439 setas
287 1392 369 1439 vitium
379 1392 464 1455 posuit,
472 1400 527 1439 netes
537 1391 632 1440 miseret.
763 1392 813 1440 230

139 1454 211 1514 Quod
222 1455 320 1520 quisque
330 1464 400 1514 emet,
411 1456 529 1504 undando
538 1457 685 1505 commendet
694 1456 748 1506 sibi.

139 1517 212 1577 Quod
222 1521 280 1579 vult,
292 1520 369 1581 iubet,
381 1521 422 1584 qui
432 1520 500 1580 velle,
512 1520 575 1583 quod
584 1521 639 1570 sctis
649 1530 691 1582 est,
702 1529 790 1585 potest.

139 1582 250 1642 Quotidie
261 1584 392 1644 damnetur,
404 1585 445 1648 qui
455 1600 545 1647 semper
555 1585 629 1634 timet.

138 1646 400 1706 Quotidieentdeterior
409 1649 519 1713 posterior
529 1649 586 1696 dies.
921 1661 922 1664 ’

139 1712 230 1761 Rerum
241 1728 289 1761 esse
296 1721 393 1777 oportet,
405 1712 468 1776 quod
478 1713 519 1760 diu
530 1729 609 1761 cerum
619 1713 685 1762 velis.
764 1716 815 1763 235

138 1777 278 1826 Remmium
288 1778 418 1826 frustreeet
428 1777 606 1825 municimen
617 1794 727 1842 querere.
921 1801 922 1804 ¹

138 1842 243 1906 Sapiens,
254 1843 317 1905 quod
327 1843 421 1905 petitur,
433 1842 475 1889 ubi
485 1850 552 1899 tacet,
563 1843 662 1891 breviter
670 1850 753 1907 neget.

138 1907 229 1955 Secreto
239 1906 324 1955 emices
334 1907 440 1965 edmom,
451 1906 523 1955 leude
532 1906 619 1969 poium.

137 1970 188 2019 Sibi
198 1972 248 2035 ipse
257 1970 392 2035 improbitas
402 1970 463 2035 cogit
474 1971 523 2019 fieri
532 1972 649 2032 injuriam.

138 2034 188 2083 Sibi
198 2036 247 2099 ipse
257 2035 298 2083 dut
307 2036 456 2099 supplicium,
467 2051 539 2100 quem
548 2035 643 2084 etrusci
652 2036 732 2101 pudet.
766 2038 815 2087 24⁰

137 2100 201 2148 Solet
211 2116 267 2161 esse,
275 2101 301 2148 in
311 2101 396 2161 dubiis,‘
405 2116 447 2165 pro
457 2100 551 2149 oonsilio
561 2100 683 2150 temettm

138 2164 201 2212 Tem
209 2163 272 2213 deest
281 2181 358 2225 suero,
366 2165 430 2229 quod
437 2165 516 2223 habet,
527 2180 597 2228 quem
608 2166 672 2229 quod
682 2180 730 2215 non
737 2167 818 2217 bete.

139 2229 249 2278 Timidus
259 2238 325 2279 vocet
335 2246 359 2278 se
369 2239 473 2286 cautum,
484 2244 581 2293 peresrm
590 2230 703 2279 sordidos.

138 2294 187 2341 Ubi
197 2303 276 2358 pemet
286 2300 341 2343 tetes
351 2296 433 2356 major,
444 2296 507 2343 mele
515 2294 583 2341 discit
592 2294 677 2343 minor.

138 2358 247 2407 Veterem
258 2359 351 2407 ferendo
360 2359 480 2420 injuriam,
491 2359 573 2407 invites
582 2374 674 2409 novem.
766 2362 817 2410 245
921 2421 922 2428 ¹
